%Plačiau apie šaltinių tipus ir jų atributus:
%http://mirror.datacenter.by/pub/mirrors/CTAN/macros/latex/contrib/biblatex/doc/biblatex.pdf#subsection.2.1

@inproceedings{macrobase_overview,
	author={Peter Bailis and Edward Gan and Samuel Madden and Deepak Narayanan and Kexin Rong and Sahaana Suri},
	organization={Stanford Infolab and Massachusetts Institute of Technology},
	title={MacroBase: Prioritizing Attention in Fast Data},
	booktitle={SIGMOD '17- Proceedings of the 2017 ACM International Conference on Management of Data},
	date={2017},
	publisher={ACM New York},
	address={Chicago, Illinois, USA},
	pages={541-556},
	isbn={978-1-4503-4197-4},
}

@inproceedings{prioritizing_attention,
	author={Peter Bailis and Edward Gan and Kexin Rong and Sahaana Suri},
	organization={Stanford Infolab},
	title={Prioritizing Attention in Fast Data: Principles and Promise},
	booktitle={CIDR 2017, 8th Biennial Conference on Innovative Data Systems Research},
	year={2017},
}

@inproceedings{drop,
	author={Sahaana Suri, Peter Bailis},
	organization={Stanford Infolab},
	title={DROP: Dimensionality Reduction Optimization for Time Series},
	booktitle={arXiv:1708.00183},
	year={2017},
}

@article{asap,
	author = {Kexin Rong and Peter Bailis},
	title = {ASAP: Prioritizing Attention via Time Series Smoothing},
	journal = {Proc. VLDB Endow.},
	issue_date = {August 2017},
	volume = {10},
	number = {11},
	month = aug,
	year = {2017},
	issn = {2150-8097},
	pages = {1358--1369},
	numpages = {12},
	url = {https://doi.org/10.14778/3137628.3137645},
	doi = {10.14778/3137628.3137645},
	acmid = {3137645},
	publisher = {VLDB Endowment},
} 

@online{dataset,
	author={Lietuvos Respublikos ryšių reguliavimo tarnyba},
	title={Interneto prieigos stebėsenos sistema IPSS},
	url={https://opendata.rrt.lt/ipss},
	year={2018},
	urldate={2019-03-08},
}

@online{twitter,
	author={Anthony Asta},
	title={Observability at Twitter: technical overview, part I},
	year={2016},
	url={https://blog.twitter.com/engineering/en_us/a/2016/observability-at-twitter-technical-overview-part-i.html},
	urldate={2019-03-10},
}

@inproceedings{facebook,
	author={Tuomas Pelkonen and Scott Franklin and Justin Teller and Paul Cavallaro and Qi Huang and Justin Meza and Kaushik Veeraraghavan},
	title={Gorilla: A Fast, Scalable, In-Memory Time Series Database},
	organization={Facebook Inc.},
	booktitle={VLDB Endowment - Proceedings of the 41st International Conference on Very Large Data Bases},
	year={2015},
	pages={1816-1827},
	address={Kohala Coast, Hawaii},
	urldate={2019-03-10},
}

@online{linkedin,
	author={Alex Woodie},
	title={Kafka Tops 1 Trillion Messages Per Day at LinkedIn},
	year={2015},
	url={https://www.datanami.com/2015/09/02/kafka-tops-1-trillion-messages-per-day-at-linkedin/},
	urldate={2019-03-10},
}

@article{future_data_volume,
	author={Makrufa Sh. Hajirahimova and Aybeniz S. Aliyeva},
	title={About Big Data Measurement Methodologies and Indicators },
	journaltitle={International Journal of Modern Education and Computer Science},
	volume={9},
	pages={1-9},
	year={2017},
}

@online{anomaly,
	author={Techopedia},
	title={Anomaly Detection},
	url={https://www.techopedia.com/definition/30297/anomaly-detection},
	year={2018},
	urldate={2019-03-07},
}

@thesis{kursinis,
	author={Jokūbas Rusakevičius},
	title={Didelių duomenų srautų analizė, anomalijų aptikimas},
	type={Kursinis darbas},
	institution={Vilniaus Universitetas, Matematikos ir Informatikos Fakultetas},
	location={Vilnius},
	year={2018},

}