%Plačiau apie šaltinių tipus ir jų atributus:
%http://mirror.datacenter.by/pub/mirrors/CTAN/macros/latex/contrib/biblatex/doc/biblatex.pdf#subsection.2.1

@online{gym,
	author={Max Schrader},
	title={Sokoban environment for OpenAI Gym},
	year={2019-07-19},
	url={https://github.com/mpSchrader/gym-sokoban},
	urldate={2020-03-19},
}

@online{openai,
	author={OpenAI},
	title={Getting Started with Gym},
	year={2016},
	url={http://gym.openai.com/docs/},
	urldate={2020-03-19},
}

@book{handson,
	title={Hands-On Machine Learning with Scikit-Learn and TensorFlow: Concepts, Tools, and Techniques to Build Intelligent Systems},
	author={G{\'e}ron, A.},
	isbn={9781491962244},
	url={https://books.google.lt/books?id=bRpYDgAAQBAJ},
	year={2017},
	publisher={O'Reilly Media},
}

@online{udemy,
	author={Udemy},
	title={Udemy},
	url={https://www.udemy.com/},
	urldate={2020-03-19},
	
}

@online{udemy1,
	author={Lazy Programmer Inc.},
	title={Artificial Intelligence: Reinforcement Learning in Python},
	url={https://www.udemy.com/course/artificial-intelligence-reinforcement-learning-in-python/learn/lecture/6386364#overview},
	urldate={2020-03-19},
}

@online{udemy2,
	author={Lazy Programmer Inc.},
	title={Advanced AI: Deep Reinforcement Learning in Python},
	url={https://www.udemy.com/course/deep-reinforcement-learning-in-python/learn/lecture/6740866?start=0#overview},
	urldate={2020-03-19},
}

@book{algorithms,
	author = {Szepesvári, Csaba},
	year = {2010},
	month = {01},
	pages = {},
	title = {Algorithms for Reinforcement Learning},
	volume = {4},
	journal = {Synthesis Lectures on Artificial Intelligence and Machine Learning},
	doi = {10.2200/S00268ED1V01Y201005AIM009},
}

@online{computer_history,
	author={History of Computers},
	title={History of Computers},	
	url={https://homepage.cs.uri.edu/faculty/wolfe/book/Readings/Reading03.htm},
	urldate={2020-03-19},
	
}

@online{supercomputers,
	author={Kate Kershner},
	title={What are supercomputers currently used for?},	
	url={https://computer.howstuffworks.com/supercomputers-used-for1.htm},
	urldate={2020-03-19},
}

@online{go,
	author={Paul Mozur},
	title={Google’s AlphaGo Defeats Chinese Go Master in Win for A.I.},	
	year={2017},
	url={https://www.nytimes.com/2017/05/23/business/google-deepmind-alphago-go-champion-defeat.html},
	urldate={2020-03-19},
}

@online{bostondynamics,
	author={Boston Dynamics},
	title={Boston Dynamics},
	year={2020},
	url={https://www.bostondynamics.com/about},
	urldate={2020-03-19},
}