%Plačiau apie šaltinių tipus ir jų atributus:
%http://mirror.datacenter.by/pub/mirrors/CTAN/macros/latex/contrib/biblatex/doc/biblatex.pdf#subsection.2.1

@misc{SchraderSokoban2018,
	author = {Schrader, Max-Philipp B.},
	title = {gym-sokoban},
	year = {2018},
	publisher = {GitHub},
	journal = {GitHub repository},
	howpublished = {\url{https://github.com/mpSchrader/gym-sokoban}},
	commit = {#CommitId}
}

@misc{baselines,
	author = {Dhariwal, Prafulla and Hesse, Christopher and Klimov, Oleg and Nichol, Alex and Plappert, Matthias and Radford, Alec and Schulman, John and Sidor, Szymon and Wu, Yuhuai and Zhokhov, Peter},
	title = {OpenAI Baselines},
	year = {2017},
	publisher = {GitHub},
	journal = {GitHub repository},
	howpublished = {\url{https://github.com/openai/baselines}},
}

@misc{openaiGym,
	Author = {Greg Brockman and Vicki Cheung and Ludwig Pettersson and Jonas Schneider and John Schulman and Jie Tang and Wojciech Zaremba},
	Title = {OpenAI Gym},
	Year = {2016},
	Eprint = {arXiv:1606.01540},
}

@book{handson,
	title={Hands-On Machine Learning with Scikit-Learn and TensorFlow: Concepts, Tools, and Techniques to Build Intelligent Systems},
	author={G{\'e}ron, A.},
	isbn={9781491962244},
	url={https://books.google.lt/books?id=bRpYDgAAQBAJ},
	year={2017},
	publisher={O'Reilly Media},
}

@online{udemy,
	author={Udemy},
	title={Udemy},
	url={https://www.udemy.com/},
	urldate={2020-03-19},
	
}

@online{udemy1,
	author={Lazy Programmer Inc.},
	title={Artificial Intelligence: Reinforcement Learning in Python},
	url={https://www.udemy.com/course/artificial-intelligence-reinforcement-learning-in-python/learn/lecture/6386364#overview},
	urldate={2020-03-19},
}

@online{udemy2,
	author={Lazy Programmer Inc.},
	title={Advanced AI: Deep Reinforcement Learning in Python},
	url={https://www.udemy.com/course/deep-reinforcement-learning-in-python/learn/lecture/6740866?start=0#overview},
	urldate={2020-03-19},
}

@online{computer_history,
	author={History of Computers},
	title={History of Computers},	
	url={https://homepage.cs.uri.edu/faculty/wolfe/book/Readings/Reading03.htm},
	urldate={2020-03-19},
	
}

@online{supercomputers,
	author={Kate Kershner},
	title={What are supercomputers currently used for?},	
	url={https://computer.howstuffworks.com/supercomputers-used-for1.htm},
	urldate={2020-03-19},
}

@online{go,
	author={Paul Mozur},
	title={Google’s AlphaGo Defeats Chinese Go Master in Win for A.I.},	
	year={2017},
	url={https://www.nytimes.com/2017/05/23/business/google-deepmind-alphago-go-champion-defeat.html},
	urldate={2020-03-19},
}

@online{bostondynamics,
	author={Boston Dynamics},
	title={Boston Dynamics},
	year={2020},
	url={https://www.bostondynamics.com/about},
	urldate={2020-03-19},
}

@misc{stable-baselines,
	author = {Hill, Ashley and Raffin, Antonin and Ernestus, Maximilian and Gleave, Adam and Kanervisto, Anssi and Traore, Rene and Dhariwal, Prafulla and Hesse, Christopher and Klimov, Oleg and Nichol, Alex and Plappert, Matthias and Radford, Alec and Schulman, John and Sidor, Szymon and Wu, Yuhuai},
	title = {Stable Baselines},
	year = {2018},
	publisher = {GitHub},
	journal = {GitHub repository},
	howpublished = {\url{https://github.com/hill-a/stable-baselines}},
}

@misc{kaelbling_littman_moore, 
	title={Reinforcement Learning: A Survey}, 
	url={https://doi.org/10.1613/jair.301}, 
	journal={Journal of Artificial Intelligence Research}, 
	author={Kaelbling, L. P. and Littman, M. L. and Moore, A. W.},
	year = {1996},
}

@misc{a3c,
	title={Asynchronous Methods for Deep Reinforcement Learning},
	author={Volodymyr Mnih and Adrià Puigdomènech Badia and Mehdi Mirza and Alex Graves and Timothy P. Lillicrap and Tim Harley and David Silver and Koray Kavukcuoglu},
	year={2016},
	eprint={1602.01783},
	archivePrefix={arXiv},
	primaryClass={cs.LG}
}

@misc{acer,
	title={Sample Efficient Actor-Critic with Experience Replay},
	author={Ziyu Wang and Victor Bapst and Nicolas Heess and Volodymyr Mnih and Remi Munos and Koray Kavukcuoglu and Nando de Freitas},
	year={2016},
	eprint={1611.01224},
	archivePrefix={arXiv},
	primaryClass={cs.LG}
}

@misc{ppo,
	title={Proximal Policy Optimization Algorithms},
	author={John Schulman and Filip Wolski and Prafulla Dhariwal and Alec Radford and Oleg Klimov},
	year={2017},
	eprint={1707.06347},
	archivePrefix={arXiv},
	primaryClass={cs.LG}
}

@article{mdp,
	ISSN = {00959057, 19435274},
	URL = {http://www.jstor.org/stable/24900506},
	author = {RICHARD BELLMAN},
	journal = {Journal of Mathematics and Mechanics},
	number = {5},
	pages = {679--684},
	publisher = {Indiana University Mathematics Department},
	title = {A Markovian Decision Process},
	volume = {6},
	year = {1957}
}
